@ONLINE{ wiki:gin,
    author = {Wikipedia},
    title = {Gin --- Wikipedia, The Free Encyclopedia},
    year = {2013},
    url = {http://en.wikipedia.org/wiki/Gin}
}

